@article{张祖泷2012指纹奇异点精确定位新方法,
  title={指纹奇异点精确定位新方法},
  author={张祖泷 and 杨永明 and 韩凤玲 and 林坤明},
  journal={计算机工程与应用},
  volume={48},
  number={32},
  pages={203-207},
  year={2012},
 keywords={指纹图像;方向场;奇异点;归域化},
 abstract={An effective new algorithm is proposed for improving the stability and reliability of Singular Points(SPs) location. It preprocesses the gray level fingerprint images, calculates the orientation field, and divides the orientation field into several homogeneous zones and selects candidate small areas. Candidate singular points are chosen out by Poincare Index Algorithm(PIA) and spurious singular points are further removed. The real singular points are precisely located. FVC2004 is used for algorithm testing and the results show that singular points location of the method is more precise, and the False Detecting Ratio(FDR)and the Missed Detecting Ratio(MDR) decrease 5.86% and 6.8% respectively, at the same time, the speed of the algorithm is 3.71~9.38 times faster than PIA, which basicallies satisfies the requirement of SPs accurate detection and location in fingerprint images.},
}

@article{贺颖2010应用,
  title={应用Gabor滤波的指纹识别算法的研究和实现},
  author={贺颖 and 蒲晓蓉},
  journal={计算机工程与应用},
  number={12},
  pages={172-175},
  year={2010},
 keywords={指纹识别;参考点;Gabor滤波;特征提取;特征匹配},
 abstract={提出了一种基于Gabor滤波提取指纹全局及局部特征的识别算法.目前广泛使用的基于细节点的算法识别性能较高,但由于需要前期预处理,增加了系统开销.另一方面,传统的基于结构特征的算法速度较快,然而对偏转指纹的识别性能较差.针对以上不足,利用滤波器定位参考点,并将以参考点为中心的特征提取区域划分为16方向的扇区,然后通过8方向滤波分别提取原始图像和旋转后图像的特征.在FVC2004指纹库上的对比实验证明,该算法同时具备了较好的运行效率和识别性能.},
}

@article{赵应丁2006基于灰度指纹图像的指纹特征提取算法研究,
  title={基于灰度指纹图像的指纹特征提取算法研究},
  author={赵应丁 and 戴仕明 and 刘金刚},
  journal={系统仿真学报},
  volume={018},
  number={002},
  pages={319-322,326},
  year={2006},
 keywords={指纹图像;提取特征点;脊线搜索;标记},
 abstract={一种全新的直接从灰度指纹图像中提取指纹特征点的算法,该算法不需要像常见的特征点提取算法那样需要非常耗时的滤波和细化过程,而是首先对指纹图像进行规格化操作;其次定位到离指纹图像中心最近且未处理过的脊线上,再沿该条脊线搜索到候选特征点为止,然后再根据判断条件判定候选特征点的真伪;最后对该条脊线的所有像素点进行标记;依此方法,逐条处理其他脊线.经算法实现验证,该算法明显比传统算法运算速度快.},
}

@article{王和平2004数学形态法在指纹特征提取中的研究与应用,
  title={数学形态法在指纹特征提取中的研究与应用},
  author={王和平 and 李媛 and 张保成 and 康景利},
  journal={中北大学学报(自然科学版)},
  volume={25},
  number={5},
  pages={330-332},
  year={2004},
 keywords={数学形态学;指纹;特征提取},
 abstract={应用数学形态学开,闭级联算法和基于结构元素系列的指纹细节算法,对指纹细节点进行细化,进行特征提取.在指纹细化的基础上提取了指纹的特征,结果证明:数学形态学是一种很好的指纹细节处理工具.},
}

@article{李昌华2017图谱和,
  title={图谱和Kuhn-Munkres算法在图匹配中的应用研究},
  author={李昌华 and 李智杰 and 高阳},
  year={2017},
 keywords={Kuhn-Munkres算法;相似度矩阵;二分图;最大权匹配},
 abstract={为了对图数据库中的结构化数据进行有效的匹配分析,提出了基于全局结构相似度以及节点位置相似度的Kuhn-Munkres算法.首先对图数据构建全局以及节点位置矩阵,全局相似度矩阵用邻接矩阵的拉普拉斯谱特征构造,位置相似度矩阵首先使用高斯核函数进行节点相对位置的归一化计算,再利用其谱特征构造.节点位置相似度主要描述图所有节点之间的相对位置,弥补了全局结构相似度只刻画图整体结构的不足.最后使用Kuhn-Munkres算法进行图匹配,得到二分图的最大权匹配.实验表明,改进的Kuhn-Munkres算法有效提高了节点之间的匹配正确率.},
}

@article{尹婉琳2014指纹图像的旋转校正与分类,
  title={指纹图像的旋转校正与分类},
  author={尹婉琳 and 叶  桦 and 仰燕兰},
  journal={计算机科学与应用},
  volume={4},
  number={5},
  pages={9},
  year={2014},
}